<?xml version="1.0" encoding="UTF-8"?><collection xmlns="http://www.loc.gov/MARC21/slim"><record><leader>00577nam--2200193-i-4500</leader><controlfield tag="001">000023834</controlfield><controlfield tag="002">20161230</controlfield><controlfield tag="005">20161230201035</controlfield><controlfield tag="008">060222s1000------------r-----000-0-rum-d</controlfield><datafield ind1=" " ind2=" " tag="040"><subfield code="a">IFIN-HH</subfield></datafield><datafield ind1=" " ind2=" " tag="041"><subfield code="a">rum</subfield></datafield><datafield ind1=" " ind2=" " tag="080"><subfield code="a">539.169.2(043)</subfield></datafield><datafield ind1="1" ind2=" " tag="100"><subfield code="a">Ionescu-bujor, Manuela</subfield></datafield><datafield ind1="1" ind2="0" tag="245"><subfield code="a">Structura izomerilor nucleari ai 112in si interactia lor cu campurile extranucleare</subfield><subfield code="b">Teza</subfield><subfield code="c">Manuela ionescu-bujor</subfield></datafield><datafield ind1=" " ind2=" " tag="260"><subfield code="a">Bucuresti</subfield><subfield code="b">Ifin</subfield><subfield code="c">1979</subfield></datafield><datafield ind1=" " ind2=" " tag="300"><subfield code="a">153P</subfield></datafield><datafield ind1=" " ind2=" " tag="502"><subfield code="a">Conducator Stiintific: Dr. E.A. Ivanov</subfield></datafield><datafield ind1=" " ind2=" " tag="852"><subfield code="a">46684</subfield><subfield code="c">539.163.2</subfield></datafield><datafield ind1=" " ind2=" " tag="CAT"><subfield code="a">Sys</subfield><subfield code="c">20120525</subfield><subfield code="h">124904</subfield></datafield></record></collection>